<record><leader>00000cas a2200000 a 4500</leader><controlfield tag="001">15091101</controlfield><controlfield tag="008">870120d19851990mnudr ne      0   a0eng c</controlfield><datafield ind1=" " ind2=" " tag="010"><subfield code="a">sn 87000148 </subfield></datafield><datafield ind1=" " ind2=" " tag="040"><subfield code="a">NSD</subfield><subfield code="b">eng</subfield><subfield code="c">NSD</subfield><subfield code="d">MN#</subfield><subfield code="d">DLC</subfield><subfield code="d">OCLCQ</subfield><subfield code="d">OCLCF</subfield><subfield code="d">OCLCO</subfield></datafield><datafield ind1=" " ind2=" " tag="012"><subfield code="j">0</subfield><subfield code="m">d</subfield></datafield><datafield ind1="1" ind2=" " tag="022"><subfield code="a">0892-1083</subfield><subfield code="l">0892-1083</subfield><subfield code="2">1</subfield></datafield><datafield ind1="1" ind2=" " tag="029"><subfield code="a">AU@</subfield><subfield code="b">000020448112</subfield></datafield><datafield ind1=" " ind2=" " tag="042"><subfield code="a">nsdp</subfield><subfield code="a">pcc</subfield></datafield><datafield ind1=" " ind2=" " tag="043"><subfield code="a">n-us-mn</subfield></datafield><datafield ind1="0" ind2="0" tag="050"><subfield code="a">Newspaper</subfield></datafield><datafield ind1=" " ind2=" " tag="052"><subfield code="a">4144</subfield><subfield code="b">S4</subfield></datafield><datafield ind1="0" ind2=" " tag="130"><subfield code="a">St. Paul pioneer press dispatch (Saint Paul, Minn. : A.M. ed.)</subfield></datafield><datafield ind1=" " ind2="0" tag="222"><subfield code="a">St. Paul pioneer press dispatch</subfield><subfield code="b">(1985)</subfield></datafield><datafield ind1="0" ind2="0" tag="245"><subfield code="a">St. Paul pioneer press dispatch.</subfield></datafield><datafield ind1="0" ind2="0" tag="246"><subfield code="a">Saint Paul pioneer press dispatch</subfield></datafield><datafield ind1="0" ind2="0" tag="246"><subfield code="a">St. Paul pioneer press/dispatch</subfield></datafield><datafield ind1="0" ind2="7" tag="246"><subfield code="a">St. Paul pioneer press and dispatch</subfield></datafield><datafield ind1=" " ind2=" " tag="250"><subfield code="a">A.M. [ed.].</subfield></datafield><datafield ind1=" " ind2=" " tag="260"><subfield code="a">St. Paul, Minn. :</subfield><subfield code="b">Northwest Publications, Inc.,</subfield><subfield code="c">1985-1990.</subfield></datafield><datafield ind1=" " ind2=" " tag="300"><subfield code="a">6 v.</subfield></datafield><datafield ind1=" " ind2=" " tag="310"><subfield code="a">Daily</subfield></datafield><datafield ind1="0" ind2=" " tag="362"><subfield code="a">136th year, no. 251 (Jan. 2, 1985)-141st year no. 332 (Mar. 25, 1990).</subfield></datafield><datafield ind1=" " ind2=" " tag="500"><subfield code="a">Title varies slightly.</subfield></datafield><datafield ind1=" " ind2=" " tag="580"><subfield code="a">Continues in part the merger of: St. Paul pioneer press (Saint Paul, Minn. : 1909), and: St. Paul dispatch.</subfield></datafield><datafield ind1=" " ind2=" " tag="530"><subfield code="a">Available on microfilm from the Minnesota Historical Society.</subfield></datafield><datafield ind1=" " ind2="0" tag="651"><subfield code="a">Saint Paul (Minn.)</subfield><subfield code="v">Newspapers.</subfield></datafield><datafield ind1=" " ind2="7" tag="655"><subfield code="a">Newspapers.</subfield><subfield code="2">fast</subfield><subfield code="0">(OCoLC)fst01423814</subfield></datafield><datafield ind1=" " ind2="7" tag="651"><subfield code="a">Minnesota</subfield><subfield code="z">Saint Paul.</subfield><subfield code="2">fast</subfield><subfield code="0">(OCoLC)fst01212130</subfield></datafield><datafield ind1=" " ind2=" " tag="752"><subfield code="a">United States</subfield><subfield code="b">Minnesota</subfield><subfield code="c">Ramsey</subfield><subfield code="d">Saint Paul.</subfield></datafield><datafield ind1="0" ind2=" " tag="775"><subfield code="t">St. Paul pioneer press dispatch (Saint Paul, Minn. : P.M. ed.)</subfield><subfield code="w">(DLC)sn 90059536</subfield></datafield><datafield ind1="1" ind2="4" tag="780"><subfield code="t">St. Paul pioneer press (Saint Paul, Minn. : 1909)</subfield><subfield code="x">0746-701X</subfield><subfield code="w">(DLC)sn 83016801</subfield></datafield><datafield ind1="1" ind2="4" tag="780"><subfield code="t">St. Paul dispatch</subfield><subfield code="x">0746-7028</subfield><subfield code="w">(DLC)sn 83016851</subfield></datafield><datafield ind1="0" ind2="0" tag="785"><subfield code="t">Saint Paul pioneer press Saint Paul, Minn. : 1990 : A.M. ed.)</subfield><subfield code="x">1050-0405</subfield><subfield code="w">(DLC)sn 90002131</subfield></datafield></record>